<?xml version="1.0" encoding="UTF-8"?><collection xmlns="http://www.loc.gov/MARC21/slim"><record><leader>00837nam--2200217-i-4500</leader><controlfield tag="001">000032901</controlfield><controlfield tag="002">20161230</controlfield><controlfield tag="005">20161230201039</controlfield><controlfield tag="008">060222s1000------------r-----000-0-fre-d</controlfield><datafield ind1=" " ind2=" " tag="040"><subfield code="a">IFIN-HH</subfield></datafield><datafield ind1=" " ind2=" " tag="041"><subfield code="a">fre</subfield></datafield><datafield ind1=" " ind2=" " tag="080"><subfield code="a">534.8</subfield></datafield><datafield ind1="1" ind2=" " tag="100"><subfield code="a">Marinesco, N</subfield></datafield><datafield ind1="1" ind2="0" tag="245"><subfield code="a">Proprietes piezo-chimiques, physique et biophysiques des ultra-sons</subfield><subfield code="c">N. marinesco</subfield></datafield><datafield ind1=" " ind2=" " tag="260"><subfield code="a">Paris</subfield><subfield code="b">Hermann And C-ie</subfield></datafield><datafield ind1=" " ind2=" " tag="300"><subfield code="a">2 PARTES</subfield></datafield><datafield ind1=" " ind2=" " tag="490"><subfield code="a">Actualites scientifiques et industielles. Exposes sur le rayonnement et la biophysique</subfield><subfield code="v">522 et 523</subfield></datafield><datafield ind1=" " ind2=" " tag="500"><subfield code="a">Dedicatia autorului: Q.N. Kretzulesco, Bien amicalement</subfield></datafield><datafield ind1="1" ind2=" " tag="787"><subfield code="a">Part Ii</subfield><subfield code="d">1937</subfield><subfield code="h">67p. + 7 Planches</subfield><subfield code="t">Destruction des micro-organismes. Preparation des colloides a bases temperatures. Reaction explosives. Reactions photochimiques</subfield></datafield><datafield ind1=" " ind2=" " tag="852"><subfield code="a">76481</subfield><subfield code="c">534</subfield></datafield><datafield ind1=" " ind2=" " tag="CAT"><subfield code="a">Sys</subfield><subfield code="c">20101013</subfield><subfield code="h">112527</subfield></datafield></record></collection>